@article{LWB16,
 abstract = {In a symmetric partition of a regular n-gon into n congruent subtriangles and a regular n-gon in the center, we determine the loci of the incenter and points of tangency of the incircle a subtriangle},
 author = {Lee, Junghyun and Hwang, Minyoung and Bae, Cheolwon},
 editor = {Yiu, Paul},
 journal = {Forum Geometricorum},
 month = {May},
 pages = {187â€“191},
 title = {Some Loci in the Animation of a Sangaku Diagram},
 url = {http://forumgeom.fau.edu/FG2016volume16/FG201624.pdf},
 volume = {16},
 year = {2016}
}
